@misc{arjovsky2020invariantriskminimization,
      title={Invariant Risk Minimization}, 
      author={Martin Arjovsky and LÃ©on Bottou and Ishaan Gulrajani and David Lopez-Paz},
      year={2020},
      eprint={1907.02893},
      archivePrefix={arXiv},
      primaryClass={stat.ML},
      url={https://arxiv.org/abs/1907.02893}, 
}

@inproceedings{zhou2016learning,
  title={Learning deep features for discriminative localization},
  author={Zhou, Bolei and Khosla, Aditya and Lapedriza, Agata and Oliva, Aude and Torralba, Antonio},
  booktitle={Proceedings of the IEEE conference on computer vision and pattern recognition},
  pages={2921--2929},
  year={2016}
}

@inproceedings{selvaraju2017grad,
  title={Grad-cam: Visual explanations from deep networks via gradient-based localization},
  author={Selvaraju, Ramprasaath R and Cogswell, Michael and Das, Abhishek and Vedantam, Ramakrishna and Parikh, Devi and Batra, Dhruv},
  booktitle={Proceedings of the IEEE international conference on computer vision},
  pages={618--626},
  year={2017}
}

@article{draelos2020use,
  title={Use HiResCAM instead of Grad-CAM for faithful explanations of convolutional neural networks},
  author={Draelos, Rachel Lea and Carin, Lawrence},
  journal={arXiv preprint arXiv:2011.08891},
  year={2020}
}

@article{jacot2018neural,
  title={Neural tangent kernel: Convergence and generalization in neural networks},
  author={Jacot, Arthur and Gabriel, Franck and Hongler, Cl{\'e}ment},
  journal={Advances in neural information processing systems},
  volume={31},
  year={2018}
}
